<record><leader>00000cas a2200000 a 4500</leader><controlfield tag="001">12210495</controlfield><controlfield tag="008">850628d18731874ksuwr ne      0    0eng d</controlfield><datafield ind1=" " ind2=" " tag="010"><subfield code="a">sn 85031492 </subfield></datafield><datafield ind1=" " ind2=" " tag="040"><subfield code="a">KSH</subfield><subfield code="b">eng</subfield><subfield code="c">KSH</subfield><subfield code="d">NPT</subfield><subfield code="d">OCL</subfield><subfield code="d">OCLCQ</subfield></datafield><datafield ind1=" " ind2=" " tag="042"><subfield code="a">msc</subfield></datafield><datafield ind1="0" ind2="4" tag="245"><subfield code="a">The Oswego weekly republican.</subfield></datafield><datafield ind1=" " ind2=" " tag="260"><subfield code="a">Oswego, Kan. :</subfield><subfield code="b">Oswego Republican Pub. Co.,</subfield><subfield code="c">1881-1883.</subfield></datafield><datafield ind1=" " ind2=" " tag="300"><subfield code="a">2 v. ;</subfield><subfield code="c">54-60 cm.</subfield></datafield><datafield ind1=" " ind2=" " tag="310"><subfield code="a">Weekly</subfield></datafield><datafield ind1="0" ind2=" " tag="362"><subfield code="a">Vol. 1, no. 1 (Aug. 12, 1881)-v. 2, no. 31 (Mar. 8, 1883).</subfield></datafield><datafield ind1=" " ind2=" " tag="500"><subfield code="a">Published by I.W. Patrick, Aug. 18, 1882-Mar. 8, 1883.</subfield></datafield><datafield ind1=" " ind2=" " tag="580"><subfield code="a">Also issued in a daily edition called: Oswego daily republican.</subfield></datafield><datafield ind1=" " ind2=" " tag="752"><subfield code="a">United States</subfield><subfield code="b">Kansas</subfield><subfield code="c">Labette</subfield><subfield code="d">Oswego.</subfield></datafield><datafield ind1="1" ind2=" " tag="775"><subfield code="t">Oswego daily republican</subfield><subfield code="w">(DLC)sn 85031494</subfield></datafield><datafield ind1="0" ind2="7" tag="785"><subfield code="t">Oswego daily republican</subfield><subfield code="w">(DLC)sn 85031494</subfield></datafield><datafield ind1="0" ind2="7" tag="785"><subfield code="t">Oswego republican</subfield><subfield code="w">(DLC)sn 85031493</subfield></datafield></record>